%YAML 1.1
%TAG !u! tag:unity3d.com,2011:
--- !u!1 &1258573748752543022
GameObject:
  m_ObjectHideFlags: 0
  m_CorrespondingSourceObject: {fileID: 0}
  m_PrefabInstance: {fileID: 0}
  m_PrefabAsset: {fileID: 0}
  serializedVersion: 6
  m_Component:
  - component: {fileID: 1696871550780413366}
  - component: {fileID: 8518033348787756614}
  - component: {fileID: 3992899032211953149}
  - component: {fileID: 8150986096795541536}
  - component: {fileID: 2968053662199179632}
  m_Layer: 0
  m_Name: Sphere (1)
  m_TagString: Untagged
  m_Icon: {fileID: 0}
  m_NavMeshLayer: 0
  m_StaticEditorFlags: 0
  m_IsActive: 1
--- !u!4 &1696871550780413366
Transform:
  m_ObjectHideFlags: 0
  m_CorrespondingSourceObject: {fileID: 0}
  m_PrefabInstance: {fileID: 0}
  m_PrefabAsset: {fileID: 0}
  m_GameObject: {fileID: 1258573748752543022}
  m_LocalRotation: {x: 0, y: 0, z: 0, w: 1}
  m_LocalPosition: {x: 0, y: 3.68, z: 0.73}
  m_LocalScale: {x: 1.3, y: 1.3, z: 1.3}
  m_Children: []
  m_Father: {fileID: 1936323084417791130}
  m_RootOrder: 14
  m_LocalEulerAnglesHint: {x: 0, y: 0, z: 0}
--- !u!33 &8518033348787756614
MeshFilter:
  m_ObjectHideFlags: 0
  m_CorrespondingSourceObject: {fileID: 0}
  m_PrefabInstance: {fileID: 0}
  m_PrefabAsset: {fileID: 0}
  m_GameObject: {fileID: 1258573748752543022}
  m_Mesh: {fileID: 10207, guid: 0000000000000000e000000000000000, type: 0}
--- !u!23 &3992899032211953149
MeshRenderer:
  m_ObjectHideFlags: 0
  m_CorrespondingSourceObject: {fileID: 0}
  m_PrefabInstance: {fileID: 0}
  m_PrefabAsset: {fileID: 0}
  m_GameObject: {fileID: 1258573748752543022}
  m_Enabled: 1
  m_CastShadows: 1
  m_ReceiveShadows: 1
  m_DynamicOccludee: 1
  m_MotionVectors: 1
  m_LightProbeUsage: 1
  m_ReflectionProbeUsage: 1
  m_RayTracingMode: 2
  m_RayTraceProcedural: 0
  m_RenderingLayerMask: 1
  m_RendererPriority: 0
  m_Materials:
  - {fileID: 10303, guid: 0000000000000000f000000000000000, type: 0}
  m_StaticBatchInfo:
    firstSubMesh: 0
    subMeshCount: 0
  m_StaticBatchRoot: {fileID: 0}
  m_ProbeAnchor: {fileID: 0}
  m_LightProbeVolumeOverride: {fileID: 0}
  m_ScaleInLightmap: 1
  m_ReceiveGI: 1
  m_PreserveUVs: 0
  m_IgnoreNormalsForChartDetection: 0
  m_ImportantGI: 0
  m_StitchLightmapSeams: 1
  m_SelectedEditorRenderState: 3
  m_MinimumChartSize: 4
  m_AutoUVMaxDistance: 0.5
  m_AutoUVMaxAngle: 89
  m_LightmapParameters: {fileID: 0}
  m_SortingLayerID: 0
  m_SortingLayer: 0
  m_SortingOrder: 0
  m_AdditionalVertexStreams: {fileID: 0}
--- !u!135 &8150986096795541536
SphereCollider:
  m_ObjectHideFlags: 0
  m_CorrespondingSourceObject: {fileID: 0}
  m_PrefabInstance: {fileID: 0}
  m_PrefabAsset: {fileID: 0}
  m_GameObject: {fileID: 1258573748752543022}
  m_Material: {fileID: 0}
  m_IsTrigger: 0
  m_Enabled: 1
  serializedVersion: 2
  m_Radius: 0.5
  m_Center: {x: 0, y: -0.00000023841858, z: 0}
--- !u!114 &2968053662199179632
MonoBehaviour:
  m_ObjectHideFlags: 0
  m_CorrespondingSourceObject: {fileID: 0}
  m_PrefabInstance: {fileID: 0}
  m_PrefabAsset: {fileID: 0}
  m_GameObject: {fileID: 1258573748752543022}
  m_Enabled: 1
  m_EditorHideFlags: 0
  m_Script: {fileID: 11500000, guid: fdcf07f2417d02d4a86e1e082cf624fb, type: 3}
  m_Name: 
  m_EditorClassIdentifier: 
--- !u!1 &1317321327128828984
GameObject:
  m_ObjectHideFlags: 0
  m_CorrespondingSourceObject: {fileID: 0}
  m_PrefabInstance: {fileID: 0}
  m_PrefabAsset: {fileID: 0}
  serializedVersion: 6
  m_Component:
  - component: {fileID: 4792713154711236436}
  - component: {fileID: 8825723473269729623}
  - component: {fileID: 2724905709293029807}
  - component: {fileID: 169987407684085885}
  m_Layer: 0
  m_Name: LeftBooster
  m_TagString: Untagged
  m_Icon: {fileID: 0}
  m_NavMeshLayer: 0
  m_StaticEditorFlags: 0
  m_IsActive: 1
--- !u!4 &4792713154711236436
Transform:
  m_ObjectHideFlags: 0
  m_CorrespondingSourceObject: {fileID: 0}
  m_PrefabInstance: {fileID: 0}
  m_PrefabAsset: {fileID: 0}
  m_GameObject: {fileID: 1317321327128828984}
  m_LocalRotation: {x: 0.068979226, y: -0.053508304, z: 0.5645493, w: 0.82076967}
  m_LocalPosition: {x: -0.48, y: -3.4800005, z: 0}
  m_LocalScale: {x: 3.7580395, y: 1.8352712, z: 0.34340677}
  m_Children: []
  m_Father: {fileID: 1936323084417791130}
  m_RootOrder: 2
  m_LocalEulerAnglesHint: {x: 10, y: -0.57900006, z: 68.992004}
--- !u!33 &8825723473269729623
MeshFilter:
  m_ObjectHideFlags: 0
  m_CorrespondingSourceObject: {fileID: 0}
  m_PrefabInstance: {fileID: 0}
  m_PrefabAsset: {fileID: 0}
  m_GameObject: {fileID: 1317321327128828984}
  m_Mesh: {fileID: 10202, guid: 0000000000000000e000000000000000, type: 0}
--- !u!23 &2724905709293029807
MeshRenderer:
  m_ObjectHideFlags: 0
  m_CorrespondingSourceObject: {fileID: 0}
  m_PrefabInstance: {fileID: 0}
  m_PrefabAsset: {fileID: 0}
  m_GameObject: {fileID: 1317321327128828984}
  m_Enabled: 1
  m_CastShadows: 1
  m_ReceiveShadows: 1
  m_DynamicOccludee: 1
  m_MotionVectors: 1
  m_LightProbeUsage: 1
  m_ReflectionProbeUsage: 1
  m_RayTracingMode: 2
  m_RayTraceProcedural: 0
  m_RenderingLayerMask: 1
  m_RendererPriority: 0
  m_Materials:
  - {fileID: 2100000, guid: 369236cbd7b504c4c9f674380a5ef5e5, type: 2}
  m_StaticBatchInfo:
    firstSubMesh: 0
    subMeshCount: 0
  m_StaticBatchRoot: {fileID: 0}
  m_ProbeAnchor: {fileID: 0}
  m_LightProbeVolumeOverride: {fileID: 0}
  m_ScaleInLightmap: 1
  m_ReceiveGI: 1
  m_PreserveUVs: 0
  m_IgnoreNormalsForChartDetection: 0
  m_ImportantGI: 0
  m_StitchLightmapSeams: 1
  m_SelectedEditorRenderState: 3
  m_MinimumChartSize: 4
  m_AutoUVMaxDistance: 0.5
  m_AutoUVMaxAngle: 89
  m_LightmapParameters: {fileID: 0}
  m_SortingLayerID: 0
  m_SortingLayer: 0
  m_SortingOrder: 0
  m_AdditionalVertexStreams: {fileID: 0}
--- !u!114 &169987407684085885
MonoBehaviour:
  m_ObjectHideFlags: 0
  m_CorrespondingSourceObject: {fileID: 0}
  m_PrefabInstance: {fileID: 0}
  m_PrefabAsset: {fileID: 0}
  m_GameObject: {fileID: 1317321327128828984}
  m_Enabled: 1
  m_EditorHideFlags: 0
  m_Script: {fileID: 11500000, guid: fdcf07f2417d02d4a86e1e082cf624fb, type: 3}
  m_Name: 
  m_EditorClassIdentifier: 
--- !u!1 &1720613494425945212
GameObject:
  m_ObjectHideFlags: 0
  m_CorrespondingSourceObject: {fileID: 0}
  m_PrefabInstance: {fileID: 0}
  m_PrefabAsset: {fileID: 0}
  serializedVersion: 6
  m_Component:
  - component: {fileID: 519379910987888976}
  - component: {fileID: 7556759483844352693}
  m_Layer: 0
  m_Name: Spot Light
  m_TagString: Untagged
  m_Icon: {fileID: 0}
  m_NavMeshLayer: 0
  m_StaticEditorFlags: 0
  m_IsActive: 1
--- !u!4 &519379910987888976
Transform:
  m_ObjectHideFlags: 0
  m_CorrespondingSourceObject: {fileID: 0}
  m_PrefabInstance: {fileID: 0}
  m_PrefabAsset: {fileID: 0}
  m_GameObject: {fileID: 1720613494425945212}
  m_LocalRotation: {x: -0.7071068, y: 0, z: 0, w: 0.7071068}
  m_LocalPosition: {x: 0, y: 0, z: 0}
  m_LocalScale: {x: 1, y: 1, z: 1}
  m_Children: []
  m_Father: {fileID: 1936323084417791130}
  m_RootOrder: 11
  m_LocalEulerAnglesHint: {x: -90, y: 0, z: 0}
--- !u!108 &7556759483844352693
Light:
  m_ObjectHideFlags: 0
  m_CorrespondingSourceObject: {fileID: 0}
  m_PrefabInstance: {fileID: 0}
  m_PrefabAsset: {fileID: 0}
  m_GameObject: {fileID: 1720613494425945212}
  m_Enabled: 1
  serializedVersion: 10
  m_Type: 0
  m_Shape: 0
  m_Color: {r: 1, g: 1, b: 1, a: 1}
  m_Intensity: 4.08
  m_Range: 10.51
  m_SpotAngle: 44
  m_InnerSpotAngle: 21.80208
  m_CookieSize: 10
  m_Shadows:
    m_Type: 0
    m_Resolution: -1
    m_CustomResolution: -1
    m_Strength: 1
    m_Bias: 0.05
    m_NormalBias: 0.4
    m_NearPlane: 0.2
    m_CullingMatrixOverride:
      e00: 1
      e01: 0
      e02: 0
      e03: 0
      e10: 0
      e11: 1
      e12: 0
      e13: 0
      e20: 0
      e21: 0
      e22: 1
      e23: 0
      e30: 0
      e31: 0
      e32: 0
      e33: 1
    m_UseCullingMatrixOverride: 0
  m_Cookie: {fileID: 0}
  m_DrawHalo: 0
  m_Flare: {fileID: 0}
  m_RenderMode: 0
  m_CullingMask:
    serializedVersion: 2
    m_Bits: 4294967295
  m_RenderingLayerMask: 1
  m_Lightmapping: 4
  m_LightShadowCasterMode: 0
  m_AreaSize: {x: 1, y: 1}
  m_BounceIntensity: 1
  m_ColorTemperature: 6570
  m_UseColorTemperature: 0
  m_BoundingSphereOverride: {x: 0, y: 0, z: 0, w: 0}
  m_UseBoundingSphereOverride: 0
  m_UseViewFrustumForShadowCasterCull: 1
  m_ShadowRadius: 0
  m_ShadowAngle: 0
--- !u!1 &1936323084417791133
GameObject:
  m_ObjectHideFlags: 0
  m_CorrespondingSourceObject: {fileID: 0}
  m_PrefabInstance: {fileID: 0}
  m_PrefabAsset: {fileID: 0}
  serializedVersion: 6
  m_Component:
  - component: {fileID: 1936323084417791130}
  - component: {fileID: 1936323084417791131}
  - component: {fileID: 1936323084417791129}
  - component: {fileID: 1822370442}
  - component: {fileID: 1822370447}
  - component: {fileID: 1822370441}
  - component: {fileID: 212721690864569779}
  - component: {fileID: 6888252433851885512}
  - component: {fileID: 6959381531726868833}
  - component: {fileID: 4862246002134089038}
  m_Layer: 0
  m_Name: Rocket(Player)
  m_TagString: Untagged
  m_Icon: {fileID: 0}
  m_NavMeshLayer: 0
  m_StaticEditorFlags: 0
  m_IsActive: 1
--- !u!4 &1936323084417791130
Transform:
  m_ObjectHideFlags: 0
  m_CorrespondingSourceObject: {fileID: 0}
  m_PrefabInstance: {fileID: 0}
  m_PrefabAsset: {fileID: 0}
  m_GameObject: {fileID: 1936323084417791133}
  m_LocalRotation: {x: 0, y: 0, z: 0, w: 1}
  m_LocalPosition: {x: -2.793, y: 3.277, z: -4.928}
  m_LocalScale: {x: 0.05, y: 0.05, z: 0.05}
  m_Children:
  - {fileID: 5205790461979237687}
  - {fileID: 7508436571416662682}
  - {fileID: 4792713154711236436}
  - {fileID: 5815856373077524416}
  - {fileID: 6188025336416913371}
  - {fileID: 5681866497127809776}
  - {fileID: 3938012484694798078}
  - {fileID: 2981236394305504939}
  - {fileID: 7312493603904697927}
  - {fileID: 4499761658399141721}
  - {fileID: 3274894889805371062}
  - {fileID: 519379910987888976}
  - {fileID: 5551595055019093231}
  - {fileID: 4172085382739503309}
  - {fileID: 1696871550780413366}
  m_Father: {fileID: 0}
  m_RootOrder: 0
  m_LocalEulerAnglesHint: {x: 0, y: 0, z: 0}
--- !u!33 &1936323084417791131
MeshFilter:
  m_ObjectHideFlags: 0
  m_CorrespondingSourceObject: {fileID: 0}
  m_PrefabInstance: {fileID: 0}
  m_PrefabAsset: {fileID: 0}
  m_GameObject: {fileID: 1936323084417791133}
  m_Mesh: {fileID: 10202, guid: 0000000000000000e000000000000000, type: 0}
--- !u!65 &1936323084417791129
BoxCollider:
  m_ObjectHideFlags: 0
  m_CorrespondingSourceObject: {fileID: 0}
  m_PrefabInstance: {fileID: 0}
  m_PrefabAsset: {fileID: 0}
  m_GameObject: {fileID: 1936323084417791133}
  m_Material: {fileID: 0}
  m_IsTrigger: 0
  m_Enabled: 1
  serializedVersion: 2
  m_Size: {x: 1, y: 1, z: 1}
  m_Center: {x: 0, y: 0, z: 0}
--- !u!54 &1822370442
Rigidbody:
  m_ObjectHideFlags: 0
  m_CorrespondingSourceObject: {fileID: 0}
  m_PrefabInstance: {fileID: 0}
  m_PrefabAsset: {fileID: 0}
  m_GameObject: {fileID: 1936323084417791133}
  serializedVersion: 2
  m_Mass: 1
  m_Drag: 1.5
  m_AngularDrag: 0.05
  m_UseGravity: 1
  m_IsKinematic: 0
  m_Interpolate: 0
  m_Constraints: 56
  m_CollisionDetection: 0
--- !u!82 &1822370447
AudioSource:
  m_ObjectHideFlags: 0
  m_CorrespondingSourceObject: {fileID: 0}
  m_PrefabInstance: {fileID: 0}
  m_PrefabAsset: {fileID: 0}
  m_GameObject: {fileID: 1936323084417791133}
  m_Enabled: 1
  serializedVersion: 4
  OutputAudioMixerGroup: {fileID: 0}
  m_audioClip: {fileID: 0}
  m_PlayOnAwake: 0
  m_Volume: 0.11
  m_Pitch: 1
  Loop: 0
  Mute: 0
  Spatialize: 0
  SpatializePostEffects: 0
  Priority: 128
  DopplerLevel: 1
  MinDistance: 1
  MaxDistance: 500
  Pan2D: 0
  rolloffMode: 0
  BypassEffects: 0
  BypassListenerEffects: 0
  BypassReverbZones: 0
  rolloffCustomCurve:
    serializedVersion: 2
    m_Curve:
    - serializedVersion: 3
      time: 0
      value: 1
      inSlope: 0
      outSlope: 0
      tangentMode: 0
      weightedMode: 0
      inWeight: 0.33333334
      outWeight: 0.33333334
    - serializedVersion: 3
      time: 1
      value: 0
      inSlope: 0
      outSlope: 0
      tangentMode: 0
      weightedMode: 0
      inWeight: 0.33333334
      outWeight: 0.33333334
    m_PreInfinity: 2
    m_PostInfinity: 2
    m_RotationOrder: 4
  panLevelCustomCurve:
    serializedVersion: 2
    m_Curve:
    - serializedVersion: 3
      time: 0
      value: 0
      inSlope: 0
      outSlope: 0
      tangentMode: 0
      weightedMode: 0
      inWeight: 0.33333334
      outWeight: 0.33333334
    m_PreInfinity: 2
    m_PostInfinity: 2
    m_RotationOrder: 4
  spreadCustomCurve:
    serializedVersion: 2
    m_Curve:
    - serializedVersion: 3
      time: 0
      value: 0
      inSlope: 0
      outSlope: 0
      tangentMode: 0
      weightedMode: 0
      inWeight: 0.33333334
      outWeight: 0.33333334
    m_PreInfinity: 2
    m_PostInfinity: 2
    m_RotationOrder: 4
  reverbZoneMixCustomCurve:
    serializedVersion: 2
    m_Curve:
    - serializedVersion: 3
      time: 0
      value: 1
      inSlope: 0
      outSlope: 0
      tangentMode: 0
      weightedMode: 0
      inWeight: 0.33333334
      outWeight: 0.33333334
    m_PreInfinity: 2
    m_PostInfinity: 2
    m_RotationOrder: 4
--- !u!114 &1822370441
MonoBehaviour:
  m_ObjectHideFlags: 0
  m_CorrespondingSourceObject: {fileID: 0}
  m_PrefabInstance: {fileID: 0}
  m_PrefabAsset: {fileID: 0}
  m_GameObject: {fileID: 1936323084417791133}
  m_Enabled: 1
  m_EditorHideFlags: 0
  m_Script: {fileID: 11500000, guid: a6bd00d2bdbce8140b839cc4f301cb8a, type: 3}
  m_Name: 
  m_EditorClassIdentifier: 
  mainThrust: 700
  rotationThrust: 170
  mainEngine: {fileID: 8300000, guid: c70df445f0f85a94f9debd0836c5ae15, type: 3}
  mainEngineParticles: {fileID: 7482013934301035535}
  leftThrusterParticles: {fileID: 3448778430081948926}
  rightThrusterParticles: {fileID: 4385410217279137041}
--- !u!114 &212721690864569779
MonoBehaviour:
  m_ObjectHideFlags: 0
  m_CorrespondingSourceObject: {fileID: 0}
  m_PrefabInstance: {fileID: 0}
  m_PrefabAsset: {fileID: 0}
  m_GameObject: {fileID: 1936323084417791133}
  m_Enabled: 1
  m_EditorHideFlags: 0
  m_Script: {fileID: 11500000, guid: 8c969fc0251969b4887020ace5c7a134, type: 3}
  m_Name: 
  m_EditorClassIdentifier: 
  xValue: 0
  yValue: -6
  zValue: 0
--- !u!114 &6888252433851885512
MonoBehaviour:
  m_ObjectHideFlags: 0
  m_CorrespondingSourceObject: {fileID: 0}
  m_PrefabInstance: {fileID: 0}
  m_PrefabAsset: {fileID: 0}
  m_GameObject: {fileID: 1936323084417791133}
  m_Enabled: 1
  m_EditorHideFlags: 0
  m_Script: {fileID: 11500000, guid: 814f64e363d14a24faf3e7caede3ce2b, type: 3}
  m_Name: 
  m_EditorClassIdentifier: 
  levelLoadDelay: 1.5
  success: {fileID: 8300000, guid: bb0062b7fa32226438e4f26825ca7cd7, type: 3}
  crash: {fileID: 8300000, guid: 5c3ad555fe7186e43b0794a26c9c2f5f, type: 3}
  successParticles: {fileID: 3776722437110575400}
  crashParticles: {fileID: 3139171427797288817}
--- !u!136 &6959381531726868833
CapsuleCollider:
  m_ObjectHideFlags: 0
  m_CorrespondingSourceObject: {fileID: 0}
  m_PrefabInstance: {fileID: 0}
  m_PrefabAsset: {fileID: 0}
  m_GameObject: {fileID: 1936323084417791133}
  m_Material: {fileID: 0}
  m_IsTrigger: 0
  m_Enabled: 1
  m_Radius: 1.03
  m_Height: 12.6
  m_Direction: 1
  m_Center: {x: 0, y: 0, z: 0}
--- !u!114 &4862246002134089038
MonoBehaviour:
  m_ObjectHideFlags: 0
  m_CorrespondingSourceObject: {fileID: 0}
  m_PrefabInstance: {fileID: 0}
  m_PrefabAsset: {fileID: 0}
  m_GameObject: {fileID: 1936323084417791133}
  m_Enabled: 1
  m_EditorHideFlags: 0
  m_Script: {fileID: 11500000, guid: a889b25548e4e0c4aa29c4d57dcdea43, type: 3}
  m_Name: 
  m_EditorClassIdentifier: 
--- !u!1 &2696026014012583876
GameObject:
  m_ObjectHideFlags: 0
  m_CorrespondingSourceObject: {fileID: 0}
  m_PrefabInstance: {fileID: 0}
  m_PrefabAsset: {fileID: 0}
  serializedVersion: 6
  m_Component:
  - component: {fileID: 4172085382739503309}
  - component: {fileID: 9150291629335108949}
  - component: {fileID: 2674490834255476880}
  - component: {fileID: 9141097085756349605}
  - component: {fileID: 5372392204188819072}
  m_Layer: 0
  m_Name: Sphere
  m_TagString: Untagged
  m_Icon: {fileID: 0}
  m_NavMeshLayer: 0
  m_StaticEditorFlags: 0
  m_IsActive: 1
--- !u!4 &4172085382739503309
Transform:
  m_ObjectHideFlags: 0
  m_CorrespondingSourceObject: {fileID: 0}
  m_PrefabInstance: {fileID: 0}
  m_PrefabAsset: {fileID: 0}
  m_GameObject: {fileID: 2696026014012583876}
  m_LocalRotation: {x: 0, y: 0, z: 0, w: 1}
  m_LocalPosition: {x: 0, y: 3.68, z: -0.78}
  m_LocalScale: {x: 1.3, y: 1.3, z: 1.3}
  m_Children: []
  m_Father: {fileID: 1936323084417791130}
  m_RootOrder: 13
  m_LocalEulerAnglesHint: {x: 0, y: 0, z: 0}
--- !u!33 &9150291629335108949
MeshFilter:
  m_ObjectHideFlags: 0
  m_CorrespondingSourceObject: {fileID: 0}
  m_PrefabInstance: {fileID: 0}
  m_PrefabAsset: {fileID: 0}
  m_GameObject: {fileID: 2696026014012583876}
  m_Mesh: {fileID: 10207, guid: 0000000000000000e000000000000000, type: 0}
--- !u!23 &2674490834255476880
MeshRenderer:
  m_ObjectHideFlags: 0
  m_CorrespondingSourceObject: {fileID: 0}
  m_PrefabInstance: {fileID: 0}
  m_PrefabAsset: {fileID: 0}
  m_GameObject: {fileID: 2696026014012583876}
  m_Enabled: 1
  m_CastShadows: 1
  m_ReceiveShadows: 1
  m_DynamicOccludee: 1
  m_MotionVectors: 1
  m_LightProbeUsage: 1
  m_ReflectionProbeUsage: 1
  m_RayTracingMode: 2
  m_RayTraceProcedural: 0
  m_RenderingLayerMask: 1
  m_RendererPriority: 0
  m_Materials:
  - {fileID: 10303, guid: 0000000000000000f000000000000000, type: 0}
  m_StaticBatchInfo:
    firstSubMesh: 0
    subMeshCount: 0
  m_StaticBatchRoot: {fileID: 0}
  m_ProbeAnchor: {fileID: 0}
  m_LightProbeVolumeOverride: {fileID: 0}
  m_ScaleInLightmap: 1
  m_ReceiveGI: 1
  m_PreserveUVs: 0
  m_IgnoreNormalsForChartDetection: 0
  m_ImportantGI: 0
  m_StitchLightmapSeams: 1
  m_SelectedEditorRenderState: 3
  m_MinimumChartSize: 4
  m_AutoUVMaxDistance: 0.5
  m_AutoUVMaxAngle: 89
  m_LightmapParameters: {fileID: 0}
  m_SortingLayerID: 0
  m_SortingLayer: 0
  m_SortingOrder: 0
  m_AdditionalVertexStreams: {fileID: 0}
--- !u!135 &9141097085756349605
SphereCollider:
  m_ObjectHideFlags: 0
  m_CorrespondingSourceObject: {fileID: 0}
  m_PrefabInstance: {fileID: 0}
  m_PrefabAsset: {fileID: 0}
  m_GameObject: {fileID: 2696026014012583876}
  m_Material: {fileID: 0}
  m_IsTrigger: 0
  m_Enabled: 1
  serializedVersion: 2
  m_Radius: 0.5
  m_Center: {x: 0, y: -0.00000023841858, z: 0}
--- !u!114 &5372392204188819072
MonoBehaviour:
  m_ObjectHideFlags: 0
  m_CorrespondingSourceObject: {fileID: 0}
  m_PrefabInstance: {fileID: 0}
  m_PrefabAsset: {fileID: 0}
  m_GameObject: {fileID: 2696026014012583876}
  m_Enabled: 1
  m_EditorHideFlags: 0
  m_Script: {fileID: 11500000, guid: fdcf07f2417d02d4a86e1e082cf624fb, type: 3}
  m_Name: 
  m_EditorClassIdentifier: 
--- !u!1 &4123641891476084367
GameObject:
  m_ObjectHideFlags: 0
  m_CorrespondingSourceObject: {fileID: 0}
  m_PrefabInstance: {fileID: 0}
  m_PrefabAsset: {fileID: 0}
  serializedVersion: 6
  m_Component:
  - component: {fileID: 5205790461979237687}
  - component: {fileID: 1496265375933226775}
  - component: {fileID: 3693532306681211242}
  m_Layer: 0
  m_Name: Body
  m_TagString: Untagged
  m_Icon: {fileID: 0}
  m_NavMeshLayer: 0
  m_StaticEditorFlags: 0
  m_IsActive: 1
--- !u!4 &5205790461979237687
Transform:
  m_ObjectHideFlags: 0
  m_CorrespondingSourceObject: {fileID: 0}
  m_PrefabInstance: {fileID: 0}
  m_PrefabAsset: {fileID: 0}
  m_GameObject: {fileID: 4123641891476084367}
  m_LocalRotation: {x: 0, y: 0, z: 0, w: 1}
  m_LocalPosition: {x: 0, y: 0, z: 0}
  m_LocalScale: {x: 2.3, y: 6.330256, z: 2.3}
  m_Children: []
  m_Father: {fileID: 1936323084417791130}
  m_RootOrder: 0
  m_LocalEulerAnglesHint: {x: 0, y: 0, z: 0}
--- !u!33 &1496265375933226775
MeshFilter:
  m_ObjectHideFlags: 0
  m_CorrespondingSourceObject: {fileID: 0}
  m_PrefabInstance: {fileID: 0}
  m_PrefabAsset: {fileID: 0}
  m_GameObject: {fileID: 4123641891476084367}
  m_Mesh: {fileID: 10208, guid: 0000000000000000e000000000000000, type: 0}
--- !u!23 &3693532306681211242
MeshRenderer:
  m_ObjectHideFlags: 0
  m_CorrespondingSourceObject: {fileID: 0}
  m_PrefabInstance: {fileID: 0}
  m_PrefabAsset: {fileID: 0}
  m_GameObject: {fileID: 4123641891476084367}
  m_Enabled: 1
  m_CastShadows: 1
  m_ReceiveShadows: 1
  m_DynamicOccludee: 1
  m_MotionVectors: 1
  m_LightProbeUsage: 1
  m_ReflectionProbeUsage: 1
  m_RayTracingMode: 2
  m_RayTraceProcedural: 0
  m_RenderingLayerMask: 1
  m_RendererPriority: 0
  m_Materials:
  - {fileID: 2100000, guid: 1725fac74479a6842ab26e45d914e1ed, type: 2}
  m_StaticBatchInfo:
    firstSubMesh: 0
    subMeshCount: 0
  m_StaticBatchRoot: {fileID: 0}
  m_ProbeAnchor: {fileID: 0}
  m_LightProbeVolumeOverride: {fileID: 0}
  m_ScaleInLightmap: 1
  m_ReceiveGI: 1
  m_PreserveUVs: 0
  m_IgnoreNormalsForChartDetection: 0
  m_ImportantGI: 0
  m_StitchLightmapSeams: 1
  m_SelectedEditorRenderState: 3
  m_MinimumChartSize: 4
  m_AutoUVMaxDistance: 0.5
  m_AutoUVMaxAngle: 89
  m_LightmapParameters: {fileID: 0}
  m_SortingLayerID: 0
  m_SortingLayer: 0
  m_SortingOrder: 0
  m_AdditionalVertexStreams: {fileID: 0}
--- !u!1 &4245592142277383026
GameObject:
  m_ObjectHideFlags: 0
  m_CorrespondingSourceObject: {fileID: 0}
  m_PrefabInstance: {fileID: 0}
  m_PrefabAsset: {fileID: 0}
  serializedVersion: 6
  m_Component:
  - component: {fileID: 5551595055019093231}
  - component: {fileID: 1679071493898234552}
  m_Layer: 0
  m_Name: Spot Light (1)
  m_TagString: Untagged
  m_Icon: {fileID: 0}
  m_NavMeshLayer: 0
  m_StaticEditorFlags: 0
  m_IsActive: 1
--- !u!4 &5551595055019093231
Transform:
  m_ObjectHideFlags: 0
  m_CorrespondingSourceObject: {fileID: 0}
  m_PrefabInstance: {fileID: 0}
  m_PrefabAsset: {fileID: 0}
  m_GameObject: {fileID: 4245592142277383026}
  m_LocalRotation: {x: -0, y: 0.005255925, z: -0, w: 0.99998623}
  m_LocalPosition: {x: -0.5000019, y: 0.38000107, z: -38.6}
  m_LocalScale: {x: 1, y: 1, z: 1}
  m_Children: []
  m_Father: {fileID: 1936323084417791130}
  m_RootOrder: 12
  m_LocalEulerAnglesHint: {x: 0, y: 0.60200006, z: 0}
--- !u!108 &1679071493898234552
Light:
  m_ObjectHideFlags: 0
  m_CorrespondingSourceObject: {fileID: 0}
  m_PrefabInstance: {fileID: 0}
  m_PrefabAsset: {fileID: 0}
  m_GameObject: {fileID: 4245592142277383026}
  m_Enabled: 1
  serializedVersion: 10
  m_Type: 0
  m_Shape: 0
  m_Color: {r: 1, g: 1, b: 1, a: 1}
  m_Intensity: 15.15
  m_Range: 3.4
  m_SpotAngle: 23
  m_InnerSpotAngle: 1
  m_CookieSize: 10
  m_Shadows:
    m_Type: 0
    m_Resolution: -1
    m_CustomResolution: -1
    m_Strength: 1
    m_Bias: 0.05
    m_NormalBias: 0.4
    m_NearPlane: 0.2
    m_CullingMatrixOverride:
      e00: 1
      e01: 0
      e02: 0
      e03: 0
      e10: 0
      e11: 1
      e12: 0
      e13: 0
      e20: 0
      e21: 0
      e22: 1
      e23: 0
      e30: 0
      e31: 0
      e32: 0
      e33: 1
    m_UseCullingMatrixOverride: 0
  m_Cookie: {fileID: 0}
  m_DrawHalo: 0
  m_Flare: {fileID: 0}
  m_RenderMode: 0
  m_CullingMask:
    serializedVersion: 2
    m_Bits: 4294967295
  m_RenderingLayerMask: 1
  m_Lightmapping: 4
  m_LightShadowCasterMode: 0
  m_AreaSize: {x: 1, y: 1}
  m_BounceIntensity: 1
  m_ColorTemperature: 6570
  m_UseColorTemperature: 0
  m_BoundingSphereOverride: {x: 0, y: 0, z: 0, w: 0}
  m_UseBoundingSphereOverride: 0
  m_UseViewFrustumForShadowCasterCull: 1
  m_ShadowRadius: 0
  m_ShadowAngle: 0
--- !u!1 &4387603006610302735
GameObject:
  m_ObjectHideFlags: 0
  m_CorrespondingSourceObject: {fileID: 0}
  m_PrefabInstance: {fileID: 0}
  m_PrefabAsset: {fileID: 0}
  serializedVersion: 6
  m_Component:
  - component: {fileID: 5815856373077524416}
  - component: {fileID: 2168346512675161720}
  - component: {fileID: 6176546332809867619}
  - component: {fileID: 7536510166075223739}
  m_Layer: 0
  m_Name: RightBooster
  m_TagString: Untagged
  m_Icon: {fileID: 0}
  m_NavMeshLayer: 0
  m_StaticEditorFlags: 0
  m_IsActive: 1
--- !u!4 &5815856373077524416
Transform:
  m_ObjectHideFlags: 0
  m_CorrespondingSourceObject: {fileID: 0}
  m_PrefabInstance: {fileID: 0}
  m_PrefabAsset: {fileID: 0}
  m_GameObject: {fileID: 4387603006610302735}
  m_LocalRotation: {x: 0.60234934, y: 0.79327494, z: -0.05909393, w: 0.06631763}
  m_LocalPosition: {x: 0.48, y: -3.4800005, z: 0}
  m_LocalScale: {x: 3.7580395, y: 1.8352712, z: 0.34340677}
  m_Children: []
  m_Father: {fileID: 1936323084417791130}
  m_RootOrder: 3
  m_LocalEulerAnglesHint: {x: 10, y: 178.02, z: 74.247}
--- !u!33 &2168346512675161720
MeshFilter:
  m_ObjectHideFlags: 0
  m_CorrespondingSourceObject: {fileID: 0}
  m_PrefabInstance: {fileID: 0}
  m_PrefabAsset: {fileID: 0}
  m_GameObject: {fileID: 4387603006610302735}
  m_Mesh: {fileID: 10202, guid: 0000000000000000e000000000000000, type: 0}
--- !u!23 &6176546332809867619
MeshRenderer:
  m_ObjectHideFlags: 0
  m_CorrespondingSourceObject: {fileID: 0}
  m_PrefabInstance: {fileID: 0}
  m_PrefabAsset: {fileID: 0}
  m_GameObject: {fileID: 4387603006610302735}
  m_Enabled: 1
  m_CastShadows: 1
  m_ReceiveShadows: 1
  m_DynamicOccludee: 1
  m_MotionVectors: 1
  m_LightProbeUsage: 1
  m_ReflectionProbeUsage: 1
  m_RayTracingMode: 2
  m_RayTraceProcedural: 0
  m_RenderingLayerMask: 1
  m_RendererPriority: 0
  m_Materials:
  - {fileID: 2100000, guid: 369236cbd7b504c4c9f674380a5ef5e5, type: 2}
  m_StaticBatchInfo:
    firstSubMesh: 0
    subMeshCount: 0
  m_StaticBatchRoot: {fileID: 0}
  m_ProbeAnchor: {fileID: 0}
  m_LightProbeVolumeOverride: {fileID: 0}
  m_ScaleInLightmap: 1
  m_ReceiveGI: 1
  m_PreserveUVs: 0
  m_IgnoreNormalsForChartDetection: 0
  m_ImportantGI: 0
  m_StitchLightmapSeams: 1
  m_SelectedEditorRenderState: 3
  m_MinimumChartSize: 4
  m_AutoUVMaxDistance: 0.5
  m_AutoUVMaxAngle: 89
  m_LightmapParameters: {fileID: 0}
  m_SortingLayerID: 0
  m_SortingLayer: 0
  m_SortingOrder: 0
  m_AdditionalVertexStreams: {fileID: 0}
--- !u!114 &7536510166075223739
MonoBehaviour:
  m_ObjectHideFlags: 0
  m_CorrespondingSourceObject: {fileID: 0}
  m_PrefabInstance: {fileID: 0}
  m_PrefabAsset: {fileID: 0}
  m_GameObject: {fileID: 4387603006610302735}
  m_Enabled: 1
  m_EditorHideFlags: 0
  m_Script: {fileID: 11500000, guid: fdcf07f2417d02d4a86e1e082cf624fb, type: 3}
  m_Name: 
  m_EditorClassIdentifier: 
--- !u!1 &6637217429199333291
GameObject:
  m_ObjectHideFlags: 0
  m_CorrespondingSourceObject: {fileID: 0}
  m_PrefabInstance: {fileID: 0}
  m_PrefabAsset: {fileID: 0}
  serializedVersion: 6
  m_Component:
  - component: {fileID: 5681866497127809776}
  - component: {fileID: 1391200771805260806}
  - component: {fileID: 4047867907933341469}
  - component: {fileID: 717858176117900945}
  m_Layer: 0
  m_Name: RightBooster (1)
  m_TagString: Untagged
  m_Icon: {fileID: 0}
  m_NavMeshLayer: 0
  m_StaticEditorFlags: 0
  m_IsActive: 1
--- !u!4 &5681866497127809776
Transform:
  m_ObjectHideFlags: 0
  m_CorrespondingSourceObject: {fileID: 0}
  m_PrefabInstance: {fileID: 0}
  m_PrefabAsset: {fileID: 0}
  m_GameObject: {fileID: 6637217429199333291}
  m_LocalRotation: {x: 0.4742784, y: 0.5244617, z: 0.37600118, w: 0.5988515}
  m_LocalPosition: {x: 0, y: -3.4800005, z: 0.48}
  m_LocalScale: {x: 3.7580395, y: 1.8352712, z: 0.34340677}
  m_Children: []
  m_Father: {fileID: 1936323084417791130}
  m_RootOrder: 5
  m_LocalEulerAnglesHint: {x: 10, y: 90, z: 74.247}
--- !u!33 &1391200771805260806
MeshFilter:
  m_ObjectHideFlags: 0
  m_CorrespondingSourceObject: {fileID: 0}
  m_PrefabInstance: {fileID: 0}
  m_PrefabAsset: {fileID: 0}
  m_GameObject: {fileID: 6637217429199333291}
  m_Mesh: {fileID: 10202, guid: 0000000000000000e000000000000000, type: 0}
--- !u!23 &4047867907933341469
MeshRenderer:
  m_ObjectHideFlags: 0
  m_CorrespondingSourceObject: {fileID: 0}
  m_PrefabInstance: {fileID: 0}
  m_PrefabAsset: {fileID: 0}
  m_GameObject: {fileID: 6637217429199333291}
  m_Enabled: 1
  m_CastShadows: 1
  m_ReceiveShadows: 1
  m_DynamicOccludee: 1
  m_MotionVectors: 1
  m_LightProbeUsage: 1
  m_ReflectionProbeUsage: 1
  m_RayTracingMode: 2
  m_RayTraceProcedural: 0
  m_RenderingLayerMask: 1
  m_RendererPriority: 0
  m_Materials:
  - {fileID: 2100000, guid: 369236cbd7b504c4c9f674380a5ef5e5, type: 2}
  m_StaticBatchInfo:
    firstSubMesh: 0
    subMeshCount: 0
  m_StaticBatchRoot: {fileID: 0}
  m_ProbeAnchor: {fileID: 0}
  m_LightProbeVolumeOverride: {fileID: 0}
  m_ScaleInLightmap: 1
  m_ReceiveGI: 1
  m_PreserveUVs: 0
  m_IgnoreNormalsForChartDetection: 0
  m_ImportantGI: 0
  m_StitchLightmapSeams: 1
  m_SelectedEditorRenderState: 3
  m_MinimumChartSize: 4
  m_AutoUVMaxDistance: 0.5
  m_AutoUVMaxAngle: 89
  m_LightmapParameters: {fileID: 0}
  m_SortingLayerID: 0
  m_SortingLayer: 0
  m_SortingOrder: 0
  m_AdditionalVertexStreams: {fileID: 0}
--- !u!114 &717858176117900945
MonoBehaviour:
  m_ObjectHideFlags: 0
  m_CorrespondingSourceObject: {fileID: 0}
  m_PrefabInstance: {fileID: 0}
  m_PrefabAsset: {fileID: 0}
  m_GameObject: {fileID: 6637217429199333291}
  m_Enabled: 1
  m_EditorHideFlags: 0
  m_Script: {fileID: 11500000, guid: fdcf07f2417d02d4a86e1e082cf624fb, type: 3}
  m_Name: 
  m_EditorClassIdentifier: 
--- !u!1 &8349608060564624222
GameObject:
  m_ObjectHideFlags: 0
  m_CorrespondingSourceObject: {fileID: 0}
  m_PrefabInstance: {fileID: 0}
  m_PrefabAsset: {fileID: 0}
  serializedVersion: 6
  m_Component:
  - component: {fileID: 7508436571416662682}
  - component: {fileID: 5523633599271232023}
  - component: {fileID: 5450102137757155240}
  - component: {fileID: 4995343104170536305}
  m_Layer: 0
  m_Name: Cylinder
  m_TagString: Untagged
  m_Icon: {fileID: 0}
  m_NavMeshLayer: 0
  m_StaticEditorFlags: 0
  m_IsActive: 1
--- !u!4 &7508436571416662682
Transform:
  m_ObjectHideFlags: 0
  m_CorrespondingSourceObject: {fileID: 0}
  m_PrefabInstance: {fileID: 0}
  m_PrefabAsset: {fileID: 0}
  m_GameObject: {fileID: 8349608060564624222}
  m_LocalRotation: {x: 0, y: 0, z: 0, w: 1}
  m_LocalPosition: {x: 0, y: -5.292, z: 0}
  m_LocalScale: {x: 1.6, y: 1.04, z: 1.6}
  m_Children: []
  m_Father: {fileID: 1936323084417791130}
  m_RootOrder: 1
  m_LocalEulerAnglesHint: {x: 0, y: 0, z: 0}
--- !u!33 &5523633599271232023
MeshFilter:
  m_ObjectHideFlags: 0
  m_CorrespondingSourceObject: {fileID: 0}
  m_PrefabInstance: {fileID: 0}
  m_PrefabAsset: {fileID: 0}
  m_GameObject: {fileID: 8349608060564624222}
  m_Mesh: {fileID: 10206, guid: 0000000000000000e000000000000000, type: 0}
--- !u!23 &5450102137757155240
MeshRenderer:
  m_ObjectHideFlags: 0
  m_CorrespondingSourceObject: {fileID: 0}
  m_PrefabInstance: {fileID: 0}
  m_PrefabAsset: {fileID: 0}
  m_GameObject: {fileID: 8349608060564624222}
  m_Enabled: 1
  m_CastShadows: 1
  m_ReceiveShadows: 1
  m_DynamicOccludee: 1
  m_MotionVectors: 1
  m_LightProbeUsage: 1
  m_ReflectionProbeUsage: 1
  m_RayTracingMode: 2
  m_RayTraceProcedural: 0
  m_RenderingLayerMask: 1
  m_RendererPriority: 0
  m_Materials:
  - {fileID: 2100000, guid: 369236cbd7b504c4c9f674380a5ef5e5, type: 2}
  m_StaticBatchInfo:
    firstSubMesh: 0
    subMeshCount: 0
  m_StaticBatchRoot: {fileID: 0}
  m_ProbeAnchor: {fileID: 0}
  m_LightProbeVolumeOverride: {fileID: 0}
  m_ScaleInLightmap: 1
  m_ReceiveGI: 1
  m_PreserveUVs: 0
  m_IgnoreNormalsForChartDetection: 0
  m_ImportantGI: 0
  m_StitchLightmapSeams: 1
  m_SelectedEditorRenderState: 3
  m_MinimumChartSize: 4
  m_AutoUVMaxDistance: 0.5
  m_AutoUVMaxAngle: 89
  m_LightmapParameters: {fileID: 0}
  m_SortingLayerID: 0
  m_SortingLayer: 0
  m_SortingOrder: 0
  m_AdditionalVertexStreams: {fileID: 0}
--- !u!136 &4995343104170536305
CapsuleCollider:
  m_ObjectHideFlags: 0
  m_CorrespondingSourceObject: {fileID: 0}
  m_PrefabInstance: {fileID: 0}
  m_PrefabAsset: {fileID: 0}
  m_GameObject: {fileID: 8349608060564624222}
  m_Material: {fileID: 0}
  m_IsTrigger: 0
  m_Enabled: 1
  m_Radius: 0.5000001
  m_Height: 2
  m_Direction: 1
  m_Center: {x: 0.000000059604645, y: 0, z: -0.00000008940697}
--- !u!1 &8757420934324228709
GameObject:
  m_ObjectHideFlags: 0
  m_CorrespondingSourceObject: {fileID: 0}
  m_PrefabInstance: {fileID: 0}
  m_PrefabAsset: {fileID: 0}
  serializedVersion: 6
  m_Component:
  - component: {fileID: 6188025336416913371}
  - component: {fileID: 4275336578377405122}
  - component: {fileID: 3899735700779773042}
  - component: {fileID: 6447637799418738885}
  m_Layer: 0
  m_Name: LeftBooster (1)
  m_TagString: Untagged
  m_Icon: {fileID: 0}
  m_NavMeshLayer: 0
  m_StaticEditorFlags: 0
  m_IsActive: 1
--- !u!4 &6188025336416913371
Transform:
  m_ObjectHideFlags: 0
  m_CorrespondingSourceObject: {fileID: 0}
  m_PrefabInstance: {fileID: 0}
  m_PrefabAsset: {fileID: 0}
  m_GameObject: {fileID: 8757420934324228709}
  m_LocalRotation: {x: -0.34815308, y: -0.6154587, z: 0.4497372, w: 0.5456524}
  m_LocalPosition: {x: 0, y: -3.4800005, z: -0.48}
  m_LocalScale: {x: 3.7580395, y: 1.8352712, z: 0.34340677}
  m_Children: []
  m_Father: {fileID: 1936323084417791130}
  m_RootOrder: 4
  m_LocalEulerAnglesHint: {x: 10, y: -90, z: 68.992004}
--- !u!33 &4275336578377405122
MeshFilter:
  m_ObjectHideFlags: 0
  m_CorrespondingSourceObject: {fileID: 0}
  m_PrefabInstance: {fileID: 0}
  m_PrefabAsset: {fileID: 0}
  m_GameObject: {fileID: 8757420934324228709}
  m_Mesh: {fileID: 10202, guid: 0000000000000000e000000000000000, type: 0}
--- !u!23 &3899735700779773042
MeshRenderer:
  m_ObjectHideFlags: 0
  m_CorrespondingSourceObject: {fileID: 0}
  m_PrefabInstance: {fileID: 0}
  m_PrefabAsset: {fileID: 0}
  m_GameObject: {fileID: 8757420934324228709}
  m_Enabled: 1
  m_CastShadows: 1
  m_ReceiveShadows: 1
  m_DynamicOccludee: 1
  m_MotionVectors: 1
  m_LightProbeUsage: 1
  m_ReflectionProbeUsage: 1
  m_RayTracingMode: 2
  m_RayTraceProcedural: 0
  m_RenderingLayerMask: 1
  m_RendererPriority: 0
  m_Materials:
  - {fileID: 2100000, guid: 369236cbd7b504c4c9f674380a5ef5e5, type: 2}
  m_StaticBatchInfo:
    firstSubMesh: 0
    subMeshCount: 0
  m_StaticBatchRoot: {fileID: 0}
  m_ProbeAnchor: {fileID: 0}
  m_LightProbeVolumeOverride: {fileID: 0}
  m_ScaleInLightmap: 1
  m_ReceiveGI: 1
  m_PreserveUVs: 0
  m_IgnoreNormalsForChartDetection: 0
  m_ImportantGI: 0
  m_StitchLightmapSeams: 1
  m_SelectedEditorRenderState: 3
  m_MinimumChartSize: 4
  m_AutoUVMaxDistance: 0.5
  m_AutoUVMaxAngle: 89
  m_LightmapParameters: {fileID: 0}
  m_SortingLayerID: 0
  m_SortingLayer: 0
  m_SortingOrder: 0
  m_AdditionalVertexStreams: {fileID: 0}
--- !u!114 &6447637799418738885
MonoBehaviour:
  m_ObjectHideFlags: 0
  m_CorrespondingSourceObject: {fileID: 0}
  m_PrefabInstance: {fileID: 0}
  m_PrefabAsset: {fileID: 0}
  m_GameObject: {fileID: 8757420934324228709}
  m_Enabled: 1
  m_EditorHideFlags: 0
  m_Script: {fileID: 11500000, guid: fdcf07f2417d02d4a86e1e082cf624fb, type: 3}
  m_Name: 
  m_EditorClassIdentifier: 
--- !u!1001 &2864772757320811164
PrefabInstance:
  m_ObjectHideFlags: 0
  serializedVersion: 2
  m_Modification:
    m_TransformParent: {fileID: 1936323084417791130}
    m_Modifications:
    - target: {fileID: 584678573886053986, guid: d4b06ebeeaf0ac044aeed997d98443c2,
        type: 3}
      propertyPath: ShapeModule.radius.value
      value: 0.05
      objectReference: {fileID: 0}
    - target: {fileID: 605391004200926644, guid: d4b06ebeeaf0ac044aeed997d98443c2,
        type: 3}
      propertyPath: m_MaxParticleSize
      value: 0.005
      objectReference: {fileID: 0}
    - target: {fileID: 765908706338028246, guid: d4b06ebeeaf0ac044aeed997d98443c2,
        type: 3}
      propertyPath: m_Name
      value: Left Thruster Particles (1)
      objectReference: {fileID: 0}
    - target: {fileID: 771087676723270698, guid: d4b06ebeeaf0ac044aeed997d98443c2,
        type: 3}
      propertyPath: m_RootOrder
      value: 10
      objectReference: {fileID: 0}
    - target: {fileID: 771087676723270698, guid: d4b06ebeeaf0ac044aeed997d98443c2,
        type: 3}
      propertyPath: m_LocalScale.z
      value: 0.21280263
      objectReference: {fileID: 0}
    - target: {fileID: 771087676723270698, guid: d4b06ebeeaf0ac044aeed997d98443c2,
        type: 3}
      propertyPath: m_LocalPosition.x
      value: -2.3
      objectReference: {fileID: 0}
    - target: {fileID: 771087676723270698, guid: d4b06ebeeaf0ac044aeed997d98443c2,
        type: 3}
      propertyPath: m_LocalPosition.y
      value: -5.8
      objectReference: {fileID: 0}
    - target: {fileID: 771087676723270698, guid: d4b06ebeeaf0ac044aeed997d98443c2,
        type: 3}
      propertyPath: m_LocalPosition.z
      value: 0
      objectReference: {fileID: 0}
    - target: {fileID: 771087676723270698, guid: d4b06ebeeaf0ac044aeed997d98443c2,
        type: 3}
      propertyPath: m_LocalRotation.w
      value: -0.22344866
      objectReference: {fileID: 0}
    - target: {fileID: 771087676723270698, guid: d4b06ebeeaf0ac044aeed997d98443c2,
        type: 3}
      propertyPath: m_LocalRotation.x
      value: 0.21102628
      objectReference: {fileID: 0}
    - target: {fileID: 771087676723270698, guid: d4b06ebeeaf0ac044aeed997d98443c2,
        type: 3}
      propertyPath: m_LocalRotation.y
      value: 0.67060125
      objectReference: {fileID: 0}
    - target: {fileID: 771087676723270698, guid: d4b06ebeeaf0ac044aeed997d98443c2,
        type: 3}
      propertyPath: m_LocalRotation.z
      value: -0.6751538
      objectReference: {fileID: 0}
    - target: {fileID: 771087676723270698, guid: d4b06ebeeaf0ac044aeed997d98443c2,
        type: 3}
      propertyPath: m_LocalEulerAnglesHint.x
      value: 125.785995
      objectReference: {fileID: 0}
    - target: {fileID: 771087676723270698, guid: d4b06ebeeaf0ac044aeed997d98443c2,
        type: 3}
      propertyPath: m_LocalEulerAnglesHint.y
      value: 91.129
      objectReference: {fileID: 0}
    - target: {fileID: 771087676723270698, guid: d4b06ebeeaf0ac044aeed997d98443c2,
        type: 3}
      propertyPath: m_LocalEulerAnglesHint.z
      value: -89.928986
      objectReference: {fileID: 0}
    m_RemovedComponents: []
  m_SourcePrefab: {fileID: 100100000, guid: d4b06ebeeaf0ac044aeed997d98443c2, type: 3}
--- !u!198 &3448778430081948926 stripped
ParticleSystem:
  m_CorrespondingSourceObject: {fileID: 584678573886053986, guid: d4b06ebeeaf0ac044aeed997d98443c2,
    type: 3}
  m_PrefabInstance: {fileID: 2864772757320811164}
  m_PrefabAsset: {fileID: 0}
--- !u!4 &3274894889805371062 stripped
Transform:
  m_CorrespondingSourceObject: {fileID: 771087676723270698, guid: d4b06ebeeaf0ac044aeed997d98443c2,
    type: 3}
  m_PrefabInstance: {fileID: 2864772757320811164}
  m_PrefabAsset: {fileID: 0}
--- !u!1001 &2977083736252467633
PrefabInstance:
  m_ObjectHideFlags: 0
  serializedVersion: 2
  m_Modification:
    m_TransformParent: {fileID: 1936323084417791130}
    m_Modifications:
    - target: {fileID: 1469142659871422, guid: ab79a37535b979f48b6de56e3a0a5cb0, type: 3}
      propertyPath: m_Name
      value: Explosion Particles
      objectReference: {fileID: 0}
    - target: {fileID: 4436899185823514, guid: ab79a37535b979f48b6de56e3a0a5cb0, type: 3}
      propertyPath: m_RootOrder
      value: 7
      objectReference: {fileID: 0}
    - target: {fileID: 4436899185823514, guid: ab79a37535b979f48b6de56e3a0a5cb0, type: 3}
      propertyPath: m_LocalPosition.x
      value: 0
      objectReference: {fileID: 0}
    - target: {fileID: 4436899185823514, guid: ab79a37535b979f48b6de56e3a0a5cb0, type: 3}
      propertyPath: m_LocalPosition.y
      value: 0
      objectReference: {fileID: 0}
    - target: {fileID: 4436899185823514, guid: ab79a37535b979f48b6de56e3a0a5cb0, type: 3}
      propertyPath: m_LocalPosition.z
      value: 0
      objectReference: {fileID: 0}
    - target: {fileID: 4436899185823514, guid: ab79a37535b979f48b6de56e3a0a5cb0, type: 3}
      propertyPath: m_LocalRotation.w
      value: 1
      objectReference: {fileID: 0}
    - target: {fileID: 4436899185823514, guid: ab79a37535b979f48b6de56e3a0a5cb0, type: 3}
      propertyPath: m_LocalRotation.x
      value: 0
      objectReference: {fileID: 0}
    - target: {fileID: 4436899185823514, guid: ab79a37535b979f48b6de56e3a0a5cb0, type: 3}
      propertyPath: m_LocalRotation.y
      value: 0
      objectReference: {fileID: 0}
    - target: {fileID: 4436899185823514, guid: ab79a37535b979f48b6de56e3a0a5cb0, type: 3}
      propertyPath: m_LocalRotation.z
      value: 0
      objectReference: {fileID: 0}
    - target: {fileID: 4436899185823514, guid: ab79a37535b979f48b6de56e3a0a5cb0, type: 3}
      propertyPath: m_LocalEulerAnglesHint.x
      value: 0
      objectReference: {fileID: 0}
    - target: {fileID: 4436899185823514, guid: ab79a37535b979f48b6de56e3a0a5cb0, type: 3}
      propertyPath: m_LocalEulerAnglesHint.y
      value: 0
      objectReference: {fileID: 0}
    - target: {fileID: 4436899185823514, guid: ab79a37535b979f48b6de56e3a0a5cb0, type: 3}
      propertyPath: m_LocalEulerAnglesHint.z
      value: 0
      objectReference: {fileID: 0}
    - target: {fileID: 198204746014789312, guid: ab79a37535b979f48b6de56e3a0a5cb0,
        type: 3}
      propertyPath: lengthInSec
      value: 0.05
      objectReference: {fileID: 0}
    - target: {fileID: 198204746014789312, guid: ab79a37535b979f48b6de56e3a0a5cb0,
        type: 3}
      propertyPath: ShapeModule.radius.value
      value: 0.0001
      objectReference: {fileID: 0}
    - target: {fileID: 199485447430560304, guid: ab79a37535b979f48b6de56e3a0a5cb0,
        type: 3}
      propertyPath: m_MaxParticleSize
      value: 0.02
      objectReference: {fileID: 0}
    m_RemovedComponents: []
  m_SourcePrefab: {fileID: 100100000, guid: ab79a37535b979f48b6de56e3a0a5cb0, type: 3}
--- !u!4 &2981236394305504939 stripped
Transform:
  m_CorrespondingSourceObject: {fileID: 4436899185823514, guid: ab79a37535b979f48b6de56e3a0a5cb0,
    type: 3}
  m_PrefabInstance: {fileID: 2977083736252467633}
  m_PrefabAsset: {fileID: 0}
--- !u!198 &3139171427797288817 stripped
ParticleSystem:
  m_CorrespondingSourceObject: {fileID: 198204746014789312, guid: ab79a37535b979f48b6de56e3a0a5cb0,
    type: 3}
  m_PrefabInstance: {fileID: 2977083736252467633}
  m_PrefabAsset: {fileID: 0}
--- !u!1001 &3801364963164437363
PrefabInstance:
  m_ObjectHideFlags: 0
  serializedVersion: 2
  m_Modification:
    m_TransformParent: {fileID: 1936323084417791130}
    m_Modifications:
    - target: {fileID: 584678573886053986, guid: d4b06ebeeaf0ac044aeed997d98443c2,
        type: 3}
      propertyPath: ShapeModule.radius.value
      value: 0.05
      objectReference: {fileID: 0}
    - target: {fileID: 605391004200926644, guid: d4b06ebeeaf0ac044aeed997d98443c2,
        type: 3}
      propertyPath: m_MaxParticleSize
      value: 0.005
      objectReference: {fileID: 0}
    - target: {fileID: 765908706338028246, guid: d4b06ebeeaf0ac044aeed997d98443c2,
        type: 3}
      propertyPath: m_Name
      value: Right Thruster Particles
      objectReference: {fileID: 0}
    - target: {fileID: 771087676723270698, guid: d4b06ebeeaf0ac044aeed997d98443c2,
        type: 3}
      propertyPath: m_RootOrder
      value: 9
      objectReference: {fileID: 0}
    - target: {fileID: 771087676723270698, guid: d4b06ebeeaf0ac044aeed997d98443c2,
        type: 3}
      propertyPath: m_LocalScale.z
      value: 0.21280263
      objectReference: {fileID: 0}
    - target: {fileID: 771087676723270698, guid: d4b06ebeeaf0ac044aeed997d98443c2,
        type: 3}
      propertyPath: m_LocalPosition.x
      value: 2.5
      objectReference: {fileID: 0}
    - target: {fileID: 771087676723270698, guid: d4b06ebeeaf0ac044aeed997d98443c2,
        type: 3}
      propertyPath: m_LocalPosition.y
      value: -6
      objectReference: {fileID: 0}
    - target: {fileID: 771087676723270698, guid: d4b06ebeeaf0ac044aeed997d98443c2,
        type: 3}
      propertyPath: m_LocalPosition.z
      value: 0
      objectReference: {fileID: 0}
    - target: {fileID: 771087676723270698, guid: d4b06ebeeaf0ac044aeed997d98443c2,
        type: 3}
      propertyPath: m_LocalRotation.w
      value: 0.67057997
      objectReference: {fileID: 0}
    - target: {fileID: 771087676723270698, guid: d4b06ebeeaf0ac044aeed997d98443c2,
        type: 3}
      propertyPath: m_LocalRotation.x
      value: 0.6751737
      objectReference: {fileID: 0}
    - target: {fileID: 771087676723270698, guid: d4b06ebeeaf0ac044aeed997d98443c2,
        type: 3}
      propertyPath: m_LocalRotation.y
      value: 0.22351222
      objectReference: {fileID: 0}
    - target: {fileID: 771087676723270698, guid: d4b06ebeeaf0ac044aeed997d98443c2,
        type: 3}
      propertyPath: m_LocalRotation.z
      value: 0.21096285
      objectReference: {fileID: 0}
    - target: {fileID: 771087676723270698, guid: d4b06ebeeaf0ac044aeed997d98443c2,
        type: 3}
      propertyPath: m_LocalEulerAnglesHint.x
      value: 125.785995
      objectReference: {fileID: 0}
    - target: {fileID: 771087676723270698, guid: d4b06ebeeaf0ac044aeed997d98443c2,
        type: 3}
      propertyPath: m_LocalEulerAnglesHint.y
      value: -88.859985
      objectReference: {fileID: 0}
    - target: {fileID: 771087676723270698, guid: d4b06ebeeaf0ac044aeed997d98443c2,
        type: 3}
      propertyPath: m_LocalEulerAnglesHint.z
      value: -89.929016
      objectReference: {fileID: 0}
    m_RemovedComponents: []
  m_SourcePrefab: {fileID: 100100000, guid: d4b06ebeeaf0ac044aeed997d98443c2, type: 3}
--- !u!4 &4499761658399141721 stripped
Transform:
  m_CorrespondingSourceObject: {fileID: 771087676723270698, guid: d4b06ebeeaf0ac044aeed997d98443c2,
    type: 3}
  m_PrefabInstance: {fileID: 3801364963164437363}
  m_PrefabAsset: {fileID: 0}
--- !u!198 &4385410217279137041 stripped
ParticleSystem:
  m_CorrespondingSourceObject: {fileID: 584678573886053986, guid: d4b06ebeeaf0ac044aeed997d98443c2,
    type: 3}
  m_PrefabInstance: {fileID: 3801364963164437363}
  m_PrefabAsset: {fileID: 0}
--- !u!1001 &3938451669044765238
PrefabInstance:
  m_ObjectHideFlags: 0
  serializedVersion: 2
  m_Modification:
    m_TransformParent: {fileID: 1936323084417791130}
    m_Modifications:
    - target: {fileID: 1664836844622050, guid: 62198a3a5dbb64a4f9e1618929224faa, type: 3}
      propertyPath: m_Name
      value: Success Particles
      objectReference: {fileID: 0}
    - target: {fileID: 4100699973242056, guid: 62198a3a5dbb64a4f9e1618929224faa, type: 3}
      propertyPath: m_RootOrder
      value: 6
      objectReference: {fileID: 0}
    - target: {fileID: 4100699973242056, guid: 62198a3a5dbb64a4f9e1618929224faa, type: 3}
      propertyPath: m_LocalPosition.x
      value: 0
      objectReference: {fileID: 0}
    - target: {fileID: 4100699973242056, guid: 62198a3a5dbb64a4f9e1618929224faa, type: 3}
      propertyPath: m_LocalPosition.y
      value: 0
      objectReference: {fileID: 0}
    - target: {fileID: 4100699973242056, guid: 62198a3a5dbb64a4f9e1618929224faa, type: 3}
      propertyPath: m_LocalPosition.z
      value: 0
      objectReference: {fileID: 0}
    - target: {fileID: 4100699973242056, guid: 62198a3a5dbb64a4f9e1618929224faa, type: 3}
      propertyPath: m_LocalRotation.w
      value: 0.7071068
      objectReference: {fileID: 0}
    - target: {fileID: 4100699973242056, guid: 62198a3a5dbb64a4f9e1618929224faa, type: 3}
      propertyPath: m_LocalRotation.x
      value: -0.7071068
      objectReference: {fileID: 0}
    - target: {fileID: 4100699973242056, guid: 62198a3a5dbb64a4f9e1618929224faa, type: 3}
      propertyPath: m_LocalRotation.y
      value: 0
      objectReference: {fileID: 0}
    - target: {fileID: 4100699973242056, guid: 62198a3a5dbb64a4f9e1618929224faa, type: 3}
      propertyPath: m_LocalRotation.z
      value: 0
      objectReference: {fileID: 0}
    - target: {fileID: 4100699973242056, guid: 62198a3a5dbb64a4f9e1618929224faa, type: 3}
      propertyPath: m_LocalEulerAnglesHint.x
      value: -90
      objectReference: {fileID: 0}
    - target: {fileID: 4100699973242056, guid: 62198a3a5dbb64a4f9e1618929224faa, type: 3}
      propertyPath: m_LocalEulerAnglesHint.y
      value: 0
      objectReference: {fileID: 0}
    - target: {fileID: 4100699973242056, guid: 62198a3a5dbb64a4f9e1618929224faa, type: 3}
      propertyPath: m_LocalEulerAnglesHint.z
      value: 0
      objectReference: {fileID: 0}
    - target: {fileID: 198631066050499358, guid: 62198a3a5dbb64a4f9e1618929224faa,
        type: 3}
      propertyPath: lengthInSec
      value: 0.05
      objectReference: {fileID: 0}
    - target: {fileID: 198631066050499358, guid: 62198a3a5dbb64a4f9e1618929224faa,
        type: 3}
      propertyPath: ShapeModule.type
      value: 2
      objectReference: {fileID: 0}
    - target: {fileID: 198631066050499358, guid: 62198a3a5dbb64a4f9e1618929224faa,
        type: 3}
      propertyPath: ShapeModule.radius.value
      value: 0.0001
      objectReference: {fileID: 0}
    - target: {fileID: 198631066050499358, guid: 62198a3a5dbb64a4f9e1618929224faa,
        type: 3}
      propertyPath: ShapeModule.radiusThickness
      value: 0
      objectReference: {fileID: 0}
    - target: {fileID: 199738802761348126, guid: 62198a3a5dbb64a4f9e1618929224faa,
        type: 3}
      propertyPath: m_MaxParticleSize
      value: 0.015
      objectReference: {fileID: 0}
    m_RemovedComponents: []
  m_SourcePrefab: {fileID: 100100000, guid: 62198a3a5dbb64a4f9e1618929224faa, type: 3}
--- !u!4 &3938012484694798078 stripped
Transform:
  m_CorrespondingSourceObject: {fileID: 4100699973242056, guid: 62198a3a5dbb64a4f9e1618929224faa,
    type: 3}
  m_PrefabInstance: {fileID: 3938451669044765238}
  m_PrefabAsset: {fileID: 0}
--- !u!198 &3776722437110575400 stripped
ParticleSystem:
  m_CorrespondingSourceObject: {fileID: 198631066050499358, guid: 62198a3a5dbb64a4f9e1618929224faa,
    type: 3}
  m_PrefabInstance: {fileID: 3938451669044765238}
  m_PrefabAsset: {fileID: 0}
--- !u!1001 &7307863926730756467
PrefabInstance:
  m_ObjectHideFlags: 0
  serializedVersion: 2
  m_Modification:
    m_TransformParent: {fileID: 1936323084417791130}
    m_Modifications:
    - target: {fileID: 1113205305641416, guid: a3553fd250eb92d4091bebde350c6739, type: 3}
      propertyPath: m_Name
      value: Rocket Jet Particles
      objectReference: {fileID: 0}
    - target: {fileID: 4940884351362868, guid: a3553fd250eb92d4091bebde350c6739, type: 3}
      propertyPath: m_RootOrder
      value: 8
      objectReference: {fileID: 0}
    - target: {fileID: 4940884351362868, guid: a3553fd250eb92d4091bebde350c6739, type: 3}
      propertyPath: m_LocalScale.x
      value: 20
      objectReference: {fileID: 0}
    - target: {fileID: 4940884351362868, guid: a3553fd250eb92d4091bebde350c6739, type: 3}
      propertyPath: m_LocalScale.y
      value: 20
      objectReference: {fileID: 0}
    - target: {fileID: 4940884351362868, guid: a3553fd250eb92d4091bebde350c6739, type: 3}
      propertyPath: m_LocalScale.z
      value: 0.32474786
      objectReference: {fileID: 0}
    - target: {fileID: 4940884351362868, guid: a3553fd250eb92d4091bebde350c6739, type: 3}
      propertyPath: m_LocalPosition.x
      value: 0
      objectReference: {fileID: 0}
    - target: {fileID: 4940884351362868, guid: a3553fd250eb92d4091bebde350c6739, type: 3}
      propertyPath: m_LocalPosition.y
      value: -5.2
      objectReference: {fileID: 0}
    - target: {fileID: 4940884351362868, guid: a3553fd250eb92d4091bebde350c6739, type: 3}
      propertyPath: m_LocalPosition.z
      value: 0
      objectReference: {fileID: 0}
    - target: {fileID: 4940884351362868, guid: a3553fd250eb92d4091bebde350c6739, type: 3}
      propertyPath: m_LocalRotation.w
      value: 0.7071068
      objectReference: {fileID: 0}
    - target: {fileID: 4940884351362868, guid: a3553fd250eb92d4091bebde350c6739, type: 3}
      propertyPath: m_LocalRotation.x
      value: 0.7071068
      objectReference: {fileID: 0}
    - target: {fileID: 4940884351362868, guid: a3553fd250eb92d4091bebde350c6739, type: 3}
      propertyPath: m_LocalRotation.y
      value: 0
      objectReference: {fileID: 0}
    - target: {fileID: 4940884351362868, guid: a3553fd250eb92d4091bebde350c6739, type: 3}
      propertyPath: m_LocalRotation.z
      value: 0
      objectReference: {fileID: 0}
    - target: {fileID: 4940884351362868, guid: a3553fd250eb92d4091bebde350c6739, type: 3}
      propertyPath: m_LocalEulerAnglesHint.x
      value: 90
      objectReference: {fileID: 0}
    - target: {fileID: 4940884351362868, guid: a3553fd250eb92d4091bebde350c6739, type: 3}
      propertyPath: m_LocalEulerAnglesHint.y
      value: 0
      objectReference: {fileID: 0}
    - target: {fileID: 4940884351362868, guid: a3553fd250eb92d4091bebde350c6739, type: 3}
      propertyPath: m_LocalEulerAnglesHint.z
      value: 0
      objectReference: {fileID: 0}
    - target: {fileID: 198100719057022332, guid: a3553fd250eb92d4091bebde350c6739,
        type: 3}
      propertyPath: ShapeModule.radius.value
      value: 0.005
      objectReference: {fileID: 0}
    - target: {fileID: 198100719057022332, guid: a3553fd250eb92d4091bebde350c6739,
        type: 3}
      propertyPath: InitialModule.maxNumParticles
      value: 1000
      objectReference: {fileID: 0}
    - target: {fileID: 198100719057022332, guid: a3553fd250eb92d4091bebde350c6739,
        type: 3}
      propertyPath: EmissionModule.rateOverTime.scalar
      value: 100
      objectReference: {fileID: 0}
    - target: {fileID: 199352953444421290, guid: a3553fd250eb92d4091bebde350c6739,
        type: 3}
      propertyPath: m_MaxParticleSize
      value: 0.007
      objectReference: {fileID: 0}
    m_RemovedComponents: []
  m_SourcePrefab: {fileID: 100100000, guid: a3553fd250eb92d4091bebde350c6739, type: 3}
--- !u!4 &7312493603904697927 stripped
Transform:
  m_CorrespondingSourceObject: {fileID: 4940884351362868, guid: a3553fd250eb92d4091bebde350c6739,
    type: 3}
  m_PrefabInstance: {fileID: 7307863926730756467}
  m_PrefabAsset: {fileID: 0}
--- !u!198 &7482013934301035535 stripped
ParticleSystem:
  m_CorrespondingSourceObject: {fileID: 198100719057022332, guid: a3553fd250eb92d4091bebde350c6739,
    type: 3}
  m_PrefabInstance: {fileID: 7307863926730756467}
  m_PrefabAsset: {fileID: 0}
